@report{WangZihan2017,
	author = {王子涵},
	title = {园区自动驾驶数据融合阶段性报告},
	type = {内部报告},
	institution = {泛亚汽车技术中心空调电子部软硬件开发科},
	date = {2017/1},
	version = {0.1},
	note = {note},
	location = {上海},
	month = {01},
}

@online{OpenStreetMap,
	author = {Steve Coast},
	title = {OpenStreetMap},
	date = {2016-10},
	url = {http://www.openstreetmap.org/},
}
@online{WGS2UTM,
	author = {Alexandre Schimel},
	title = {WGS2UTM},
	date = {2012/02/01},
	url = {https://cn.mathworks.com/matlabcentral/fileexchange/14804-wgs2utm--version-2-},
}

@book{Thrun:2005:PR:1121596,
	author = {Thrun, Sebastian and Burgard, Wolfram and Fox, Dieter},
	title = {Probabilistic Robotics (Intelligent Robotics and Autonomous Agents)},
	year = {2005},
	isbn = {0262201623},
	publisher = {The MIT Press},
} 

@INPROCEEDINGS{EKFforLocaliOGM15, 
	author={L. Dantanarayana and G. Dissanayake and R. Ranasinghe and T. Furukawa}, 
	booktitle={2015 IEEE 10th International Conference on Industrial and Information Systems (ICIIS)}, 
	title={An extended Kalman filter for localisation in occupancy grid maps}, 
	year={2015}, 
	pages={419-424}, 
	keywords={Kalman filters;mobile robots;nonlinear filters;particle filtering (numerical methods);transforms;CD;Chamfer distance;EKF based framework;OGMs;PF based frameworks;computational efficiency;extended Kalman filter;mobile robot localisation;observation models;occupancy grid maps;particle filter based frameworks;unsigned distance transform;Robot kinematics;Splines (mathematics);Yttrium}, 
	doi={10.1109/ICIINFS.2015.7399048}, 
	month={Dec},}

@INPROCEEDINGS{KF_OGM, 
	author={E. Ivanjko and M. Vasak and I. Petrovic}, 
	booktitle={2005 International Conference on Control and Automation}, 
	title={Kalman filter theory based mobile robot pose tracking using occupancy grid maps}, 
	year={2005}, 
	volume={2}, 
	pages={869-874 Vol. 2}, 
	keywords={Kalman filters;mobile robots;nonlinear estimation;robot kinematics;sensor fusion;Kalman filter theory;local localisation;mobile robot pose tracking;nonlinear-model based estimators;occupancy grid maps;odometry;pose estimation techniques;robot kinematic;sonar sensor fusion;Application software;Equations;Indoor environments;Measurement uncertainty;Mobile robots;Navigation;Robot kinematics;Sensor fusion;Sonar measurements;Wheels}, 
	doi={10.1109/ICCA.2005.1528244}, 
	ISSN={1948-3449}, 
	month={June},}

@inproceedings{Castellanos2005MapBA,
	title={Map Building and Slam Algorithms},
	author={Jos{\'e} A Castellanos and Jos{\'e} Neira and Juan D Tard{\'o}s},
	year={2005}
}


@article{Elfes:1989:UOG:68491.68495,
	author = {Elfes, A.},
	title = {Using Occupancy Grids for Mobile Robot Perception and Navigation},
	journal = {Computer},
	issue_date = {June 1989},
	volume = {22},
	number = {6},
	month = jun,
	year = {1989},
	issn = {0018-9162},
	pages = {46--57},
	numpages = {12},
	url = {http://dx.doi.org/10.1109/2.30720},
	doi = {10.1109/2.30720},
	acmid = {68495},
	publisher = {IEEE Computer Society Press},
	address = {Los Alamitos, CA, USA},
} 

